<record><leader>00000cas a22000007a 4500</leader><controlfield tag="001">11384109</controlfield><controlfield tag="008">841114d1881188uncuwr ne      0    0eng  </controlfield><datafield ind1=" " ind2=" " tag="010"><subfield code="a">sn 84020683 </subfield></datafield><datafield ind1=" " ind2=" " tag="040"><subfield code="a">DLC</subfield><subfield code="b">eng</subfield><subfield code="c">DLC</subfield><subfield code="d">NVJ</subfield><subfield code="d">DLC</subfield><subfield code="d">NVJ</subfield><subfield code="d">OCLCQ</subfield></datafield><datafield ind1=" " ind2=" " tag="042"><subfield code="a">msc</subfield></datafield><datafield ind1="0" ind2="0" tag="050"><subfield code="a">Newspaper 9137-X</subfield></datafield><datafield ind1="0" ind2=" " tag="130"><subfield code="a">Asheville citizen (Asheville, N.C. : Weekly)</subfield></datafield><datafield ind1="1" ind2="0" tag="245"><subfield code="a">Asheville citizen.</subfield></datafield><datafield ind1=" " ind2=" " tag="260"><subfield code="a">Asheville, N.C. :</subfield><subfield code="b">Furman &amp; Stone</subfield></datafield><datafield ind1=" " ind2=" " tag="300"><subfield code="a">v. ;</subfield><subfield code="c">53 cm.</subfield></datafield><datafield ind1=" " ind2=" " tag="310"><subfield code="a">Weekly</subfield></datafield><datafield ind1="1" ind2=" " tag="362"><subfield code="a">Began in Jan. 1881.</subfield><subfield code="z">Cf. Gregory, W. Amer. newspapers.</subfield></datafield><datafield ind1=" " ind2=" " tag="500"><subfield code="a">Democratic.</subfield></datafield><datafield ind1=" " ind2=" " tag="580"><subfield code="a">Daily edition: Asheville citizen (Asheville, N.C. : 1885).</subfield></datafield><datafield ind1=" " ind2=" " tag="588"><subfield code="a">Description based on: Vol. 12, no. 21 (June 2, 1881).</subfield></datafield><datafield ind1=" " ind2=" " tag="752"><subfield code="a">United States</subfield><subfield code="b">North Carolina</subfield><subfield code="c">Buncombe</subfield><subfield code="d">Asheville.</subfield></datafield><datafield ind1="0" ind2=" " tag="775"><subfield code="t">Asheville citizen (Asheville, N.C. : 1882 : Semiweekly)</subfield><subfield code="w">(DLC)sn 91068074</subfield></datafield><datafield ind1="1" ind2=" " tag="775"><subfield code="t">Asheville citizen (Asheville, N.C. : 1885)</subfield><subfield code="w">(DLC)sn 84020682</subfield></datafield><datafield ind1="0" ind2="0" tag="780"><subfield code="t">North Carolina citizen</subfield><subfield code="w">(DLC)sn 84026533</subfield></datafield><datafield ind1="0" ind2="0" tag="785"><subfield code="t">Weekly citizen (Asheville, N.C.)</subfield><subfield code="w">(DLC)sn 91068070</subfield></datafield><datafield ind1="1" ind2=" " tag="029"><subfield code="a">AU@</subfield><subfield code="b">000025812676</subfield></datafield></record>